@misc{primeira,
title ={http://www.cin.ufpe.br/~if684/index.html},
url ={http://www.cin.ufpe.br/~if684/index.html},
organization ={Site oficial da disciplina}
}

@misc{segunda,
title ={http://logisticadesistemasscm.blogspot.com/p/sistemas-inteligentes.html},
url ={http://logisticadesistemasscm.blogspot.com/p/sistemas-inteligentes.html},
organization ={Site sobre sistemas inteligentes}
}

@misc{terceira,
title ={https://pt.wikipedia.org/wiki/Intelig%C3%AAncia_artificial},
url ={https://pt.wikipedia.org/wiki/Intelig%C3%AAncia_artificial},
organization ={Página da wikipédia, sobre inteligência artificial}
}

@misc{quarta,
title ={http://www.cin.ufpe.br/~if684/EC/2015-1/},
url ={http://www.cin.ufpe.br/~if684/EC/2015-1/},
organization ={Site oficial da disciplina, de 2015}
}

@misc{quinta,
title ={https://pt.wikipedia.org/wiki/Agente_inteligente},
url ={https://pt.wikipedia.org/wiki/Agente_inteligente},
organization ={Página da wikipédia, sobre agentes inteligentes}
}

@misc{sexta,
title ={http://www.cin.ufpe.br/~in1100/aprendizagem/Introduction.ppt},
url ={http://www.cin.ufpe.br/~in1100/aprendizagem/Introduction.ppt},
organization ={Slide de apresentação, sobre aprendizado de máquinas}
}

@misc{setima,
title ={http://www.cin.ufpe.br/~mcps/IA/IA2004.1/SBC_00.ppt},
url ={http://www.cin.ufpe.br/~mcps/IA/IA2004.1/SBC_00.ppt},
organization ={Slide de apresentação, sobre sistemas baseados em conhecimento}
}

@misc{oitava,
title ={https://pet.cin.ufpe.br/wiki/Redes_Neurais},
url ={https://pet.cin.ufpe.br/wiki/Redes_Neurais},
organization ={Página do CinWik, sobre redes neurais}
}

@misc{nona,
title ={http://www.cin.ufpe.br/~cz/aulas/L%F3gicas%20Difusas%20e%20Sistemas%20Difusos.pdf},
url ={http://www.cin.ufpe.br/~cz/aulas/L%F3gicas%20Difusas%20e%20Sistemas%20Difusos.pdf},
organization ={Slide de apresentação, sobre sistemas difusos}
}